@Book{springer64,
author = {C.E. Springer},
title = {Geometry and Analysis in Projective Space.},
publisher = {Freeman},
year = {1964}
}
@Book{cox-using,
author = {David A Cox,John Little,Donal O'Shea},
title = {Using Algebraic Geometry},
publisher = {Springer-Verlag},
year = {2005},
volume = {185},
series = {Graduate Texts in Mathematics}
}
@InProceedings{faugeras92,
author = {O. D. Faugeras, Q. Luong, and S. Maybank},
title = {Camera self-calibration: Theory and experiments.},
booktitle = {European Conference on Computer Vision},
pages = {321–334},
year = {1992},
volume = {LNCS 588},
publisher = {Springer-Verlag}
}
@conference{bib:kuang,
author = "Kuang, Yubin and {\AA}str{\"o}m, Kalle",
title = "Pose Estimation with Unknown Focal Length using Points, Directions and Lines",
booktitle ="Proceedings of IEEE International Conference on Computer Vision (ICCV2013)",
pages = "529--536",
year = "2013"
}
@INPROCEEDINGS{Fabbri:Kimia:CVPR10,
    Author         = {Ricardo Fabbri and Benjamin B. Kimia},
    Booktitle      = {Proceedings of the IEEE Conference on Computer Vision and Pattern
                      Recognition},
    Crossref       = {CVPR2010},
    Title          = {{3D} Curve Sketch: Flexible Curve-Based Stereo Reconstruction and Calibration},
    Year           = {2010}
}
@PROCEEDINGS{CVPR2010,
  title = {CVPR'10: IEEE Computer Society Conference on Computer Vision and
    Pattern Recognition, San Francisco, California},
  year = {2009},
  address = {San Francisco, California, USA},
  publisher = {IEEE Computer Society Press},
  month = {},
  author = {Proceedings},
  booktitle = {Proceedings of the IEEE Computer Society Conference on Computer Vision
    and Pattern Recognition},
  key = {CVPR2010}
}
@inproceedings{Fabbri:Giblin:Kimia:ECCV12,
    Author         = {Ricardo Fabbri and Peter J. Giblin and Benjamin B. Kimia},
    Booktitle      = {Proceedings of the IEEE European Conference in Computer
    Vision},
    Crossref       = {ECCV2012},
    Title          = {Camera Pose Estimation Using First-Order Curve Differential Geometry},
    Year           = {2012}
}
@proceedings{ECCV2012,
  title     = {Computer Vision - ECCV 2012, 12th European Conference on
               Computer Vision, Firenze, Italy, October 7-13,
               2012, Proceedings},
  booktitle = {12th European Conference on
               Computer Vision, Firenze, Italy, October 7-13,
               2012},
  publisher = {Springer},
  series    = {Lecture Notes in Computer Science},
  year      = {2012}
}
@Book{Hartley2004,
    author = "Hartley, R.~I. and Zisserman, A.",
    title = "Multiple View Geometry in Computer Vision",
    edition = "Second",
    year = "2004",
    publisher = "Cambridge University Press, ISBN: 0521540518"
}
@Book{Faugeras,
author = {Faugeras, Olivier D. and Luong, Quang-Tuan and Papadopoulo, Théodore},

title = {The geometry of multiple images - the laws that govern the formation of multiple images of a scene and some of their applications,},
publisher = {MIT Press},
year = {2001}

}
@Article{Schmid00,
  author       = "Schmid, C. and Zisserman, A.",
  title        = "The Geometry and Matching of Lines and Curves over Multiple Views",
  journal      = "International Journal of Computer Vision",
  number       = "3",
  volume       = "40",
  pages        = "199--233",
  year         = "2000"
}
@article{2503343,
author = {David Nistér and Frederik Schaffalitzky},
title = {{Four Points in Two or Three Calibrated Views: Theory and Practice}},
journal = {International Journal of Computer Vision},
volume = {67},
year = {2006},
pages = {211--231},
issue = {2},
doi = {10.1007/s11263-005-4265-x},
masid = {2503343}
}
@Article{HartleyLi,
author = {Richard Hartley and Hongdong Li},
title = {An efficient hidden variable approach to minimal-case camera motion estimation},
journal = {IEEE Transactions on Pattern Analysis and Machine Intelligence (PAMI)},
year = {2012},
volume = {34},
number = {23},
pages = {2303--2314},
month = {dezembro}
}
@InProceedings{koser,
author = {Köser, Kevin and Koch, Reinhard},
title = {Differential Spatial Resection - Pose Estimation Using a Single Local Image Feature.},
booktitle = {ECCV (4)},
pages = {312-325},
year = {2008},
editor = {Forsyth, David A. and Torr, Philip H. S. and Zisserman, Andrew},
OPTvolume = {5305},
OPTaddress = {http://dx.doi.org/10.1007/978-3-540-88693-8_23}
}
@InProceedings{Kukelova,
author = {Kukelova, Zuzana and Bujnak, Martin and Pajdla, Tomás},
title = {Automatic Generator of Minimal Problem Solvers.},
booktitle = {ECCV (3)},
pages = {302-315},
year = {2008}
}
@InProceedings{pajdla,
author = {Kukelova, Zuzana and Bujnak, Martin and Pajdla, Tomás},
title = {Polynomial Eigenvalue Solutions to the 5-pt and 6-pt Relative Pose Problems.},
booktitle = {BMVC},
year = {2008}
}
@Article{byrod,
author = {Byröd, Martin and Josephson, Klas and Åström, Kalle},
title = {Fast and Stable Polynomial Equation Solving and Its Application to Computer Vision.},
journal = {International Journal of Computer Vision},
year = {2009},
volume = {84},
number = {3},
pages = {237-256}
}
@Article{fischler,
author = {Fischler, M. and Bolles, R.},
title = {Random Sample Consensus: A Paradigm for Model Fitting with Applications to Image Analysis and Automated Cartography},
journal = {Communications of the ACM},
year = {1981},
volume = {24},
number = {6},
pages = {381-395}
}
@InProceedings{haralick,
author = {R. M. Haralick, C. Lee, K. Ottenberg, and M. N{\"o}lle},
title = {Review
and analysis of solutions of the three point perspective pose
estimation problem.},
booktitle = {Int. J. of Computer Vision.},
pages = {331–356},
year = {1994}
}
@Article{chen,
author = {Chen, Homer},
title = {Pose Determination from Line-to-Plane Correspondences: Existence Condition and Closed-Form Solutions.},
journal = {IEEE Trans. Pattern Anal. Mach. Intell.},
year = {1991},
volume = {13},
number = {6},
pages = {530-541}
}
@Article{dhome,
author = {Dhome, Michel and Richetin, Marc and Lapresté, Jean-Thierry and Rives, Gérard},
title = {Determination of the Attitude of 3D Objects from a Single Perspective View.},
journal = {IEEE Trans. Pattern Anal. Mach. Intell.},
year = {1989},
volume = {11},
number = {12},
pages = {1265-1278}
}
@InProceedings{ramalingam,
author = {Ramalingam, Srikumar and Bouaziz, Sofien and Sturm, Peter F.},
title = {Pose estimation using both points and lines for geo-localization.},
booktitle = {ICRA},
pages = {4716-4723},
year = {2011},
publisher = {IEEE}
}
@InProceedings{triggs,
author = {Triggs, Bill},
title = {Camera Pose and Calibration from 4 or 5 Known 3D Points.},
booktitle = {ICCV},
pages = {278-284},
year = {1999}
}
@InProceedings{bujnak,
author = {Bujnak, Martin and Kukelova, Zuzana and Pajdla, Tomas},
title = {New Efficient Solution to the Absolute Pose Problem for Camera with Unknown Focal Length and Radial Distortion.},
booktitle = {Computer Vision – ACCV 2010},
pages = {11-24},
year = {2011},
volume = {6492},
series = {Lecture Notes in Computer Science}
}
@article{Fabbri:Kimia:IJCV2015,
  author = {Ricardo Fabbri Benjamin B. Kimia},
  title = {Multiview Differential Geometry of Curves},
  journal = {IJCV},
  year = {2015 (submitted)},
  note = {under revision}
}
@book{faugeras93three,
  title={Three-dimensional computer vision: a geometric viewpoint},
  author={Faugeras, Olivier},
  year={1993},
  publisher={MIT press}
}
@Book{kneebone,
author = {J. G. Semple and G. T. Kneebone},
title = {Algebraic Projective Geometry},
publisher = {Oxford University Press},
year = {1952}
}
@InProceedings{nister5p2v,
author = {D. Nister},
title = {An Efficient Solution to the Five-Point Relative Pose Problem.},
booktitle = {IEEE Transactions on Pattern Analysis and Machine Intelligence.},
pages = {195-202},
year = {2003},
publisher = {IEEE}
}
