@article{bib:article0,
    author = {Autores do artigo},
    title = {T{\'i}tulo do artigo},
    subtitle = {Subtítulo do artigo},
    journal = {Título do periódico},
    section = {Seção},
    publisher = {Editora},
    address = {Local},
    volume = {Volume},
    number = {Número},
    pages = {pág. inicial -- pág. final},
    month = {Mês abreviado},
    year = {Ano da publicação},
    note = {Nota},
    url = {http://endereco.eletronico},
}

@article{bib:article1,
    organization = {Organiza{\c c}{\~a}o respons{\'a}vel pelo artigo},
    org-short = {Sigla},
    title = {T{\'i}tulo do artigo},
    subtitle = {Subtítulo do artigo},
    journal = {Título do periódico},
    section = {Seção},
    publisher = {Editora},
    address = {Local de publicação},
    volume = {Número do volume e/ou ano},
    number = {número do fascículo},
    pages = {pág. inicial -- pág. final},
    month = {Mês abreviado},
    year = {Ano do fascículo},
    note = {Nota},
    url = {http://endereco.eletronico},
}

@book{bib:book0,
    author = {Autores do livro},
    type = {Tipo},
    title = {T{\'i}tulo do livro},
    subtitle = {Subtítulo do livro},
    furtherresp = {Responsabilidade},
    edition = {Edição},
    address = {Local de publicação},
    publisher = {Editora},
    year = {Ano da publicação},
    pages = {Número de páginas},
    howpublished = {Comentário},
    series = {Série},
    number = {Número da publicação},
    note = {Nota},
    url = {http://endereco.eletronico},
}

@book{bib:book1,
    editor = {Corpo Editorial do livro},
    type = {Tipo},
    title = {T{\'i}tulo do livro},
    subtitle = {Subtítulo do livro},
    furtherresp = {Responsabilidade},
    edition = {Edição},
    address = {Local de publicação},
    publisher = {Editora},
    year = {Ano da publicação},
    pages = {Número de páginas},
    howpublished = {Comentário},
    series = {Série},
    number = {Número da publicação},
    note = {Nota},
    url = {http://endereco.eletronico}
}

@book{bib:book2,
    organization = {Organiza{\c c}{\~a}o respons{\'a}vel pelo livro},
    org-short = {Sigla},
    type = {Tipo},
    title = {T{\'i}tulo do livro},
    subtitle = {Subtítulo do livro},
    furtherresp = {Responsabilidade},
    edition = {Edição},
    address = {Local de publicação},
    publisher = {Editora},
    year = {Ano da publicação},
    pages = {Número de páginas},
    howpublished = {Comentário},
    series = {Série},
    number = {Número da publicação},
    note = {Nota},
    url = {http://endereco.eletronico},
}

@book{bib:book3,
    type = {Tipo},
    title = {T{\'i}tulo do livro},
    subtitle = {Subtítulo do livro},
    furtherresp = {Responsabilidade},
    edition = {Edição},
    address = {Local de publicação},
    publisher = {Editora},
    year = {Ano da publicação},
    pages = {Número de páginas},
    howpublished = {Comentário},
    series = {Série},
    number = {Número da publicação},
    note = {Nota},
    url = {http://endereco.eletronico},
}

@manual{bib:manual0,
    author = {Autores do manual},
    title = {T{\'i}tulo do manual},
    subtitle = {Sub{\'i}tulo do manual},
    furtherresp = {Responsabilidade},
    edition = {Edição},
    address = {Local de publicação},
    year = {Ano da publicação},
    pages = {Número de páginas},
    series = {Série},
    number = {Número da publicação},
    note = {Nota},
    url = {http://endereco.eletronico},
}

  @manual{bib:manual1,
    editor = {Corpo Editorial do manual},
    title = {T{\'i}tulo do manual},
    subtitle = {Sub{\'i}tulo do manual},
    furtherresp = {Responsabilidade},
    edition = {Edição},
    address = {Local de publicação},
    year = {Ano da publicação},
    pages = {Número de páginas},
    series = {Série},
    number = {Número da publicação},
    note = {Nota},
    url = {http://endereco.eletronico},
}

@manual{bib:manual2,
    organization = {Organiza{\c c}{\~a}o respons{\'a}vel pelo manual},
    org-short = {Sigla},
    title = {T{\'i}tulo do manual},
    subtitle = {Sub{\'i}tulo do manual},
    furtherresp = {Responsabilidade},
    edition = {Edição},
    address = {Local de publicação},
    year = {Ano da publicação},
    pages = {Número de páginas},
    series = {Série},
    number = {Número da publicação},
    note = {Nota},
    url = {http://endereco.eletronico},
}

@manual{bib:manual3,
    title = {T{\'i}tulo do manual},
    subtitle = {Sub{\'i}tulo do manual},
    furtherresp = {Responsabilidade},
    edition = {Edição},
    address = {Local de publicação},
    year = {Ano da publicação},
    pages = {Número de páginas},
    series = {Série},
    number = {Número da publicação},
    note = {Nota},
    url = {http://endereco.eletronico},
}

@techreport{bib:techreport0,
    author = {Autores do Relat{\'o}rio T{\'e}cnico},
    title = {T{\'i}tulo do relatório técnico},
    subtitle = {Subtítulo do relatório técnico},
    furtherresp = {Responsabilidade},
    edition = {Edição},
    address = {Local de publicação},
    year = {Ano da publicação},
    pages = {Número de páginas},
    series = {Série},
    number = {Número da publicação},
    note = {Nota},
    url = {http://endereco.eletronico},

    type = {Tipo},
    publisher = {Editora},
    howpublished = {Comentário},
    volume = {Volume da publicação},
    month = {Mês abreviado},
}

@techreport{bib:techreport1,
    editor = {Corpo Editorial do Relat{\'o}rio T{\'e}cnico},
    title = {T{\'i}tulo do relatório técnico},
    subtitle = {Subtítulo do relatório técnico},
    furtherresp = {Responsabilidade},
    edition = {Edição},
    address = {Local de publicação},
    year = {Ano da publicação},
    pages = {Número de páginas},
    series = {Série},
    number = {Número da publicação},
    note = {Nota},
    url = {http://endereco.eletronico},
}

@techreport{bib:techreport2,
    organization = {Organiza{\c c}{\~a}o respons{\'a}vel 
    				pelo relat{\'o}rio t{\'e}cnico},
    org-short = {Sigla},
    title = {T{\'i}tulo do relatório técnico},
    subtitle = {Subtítulo do relatório técnico},
    furtherresp = {Responsabilidade},
    edition = {Edição},
    address = {Local de publicação},
    year = {Ano da publicação},
    pages = {Número de páginas},
    series = {Série},
    number = {Número da publicação},
    note = {Nota},
    url = {http://endereco.eletronico},
}

@techreport{bib:techreport3,
    title = {T{\'i}tulo do relatório técnico},
    subtitle = {Subtítulo do relatório técnico},
    furtherresp = {Responsabilidade},
    edition = {Edição},
    address = {Local de publicação},
    year = {Ano da publicação},
    pages = {Número de páginas},
    series = {Série},
    number = {Número da publicação},
    note = {Nota},
    url = {http://endereco.eletronico},
}

@inbook{bib:inbook0,
    author = {Autores de parte do documento},
    title = {T{\'i}tulo de parte do documento},
    subtitle = {Subtítulo de parte do documento},
    booktitle = {T{\'i}tulo do documento},
    booksubtitle = {Subt{\'i}tulo do documento},
    furtherresp = {Responsabilidade},
    edition = {Edição},
    address = {Local de publicação},
    publisher = {Editora},
    year = {Ano da publicação},
    series = {Série},
    number = {Número da publicação},
    chapter = {Capítulo},
    pages = {pág. inicial -- pág. final},
    note = {Nota},
    url = {http://endereco.eletronico},
}

@inbook{bib:inbook1,
    organization = {Organiza{\c c}{\~a}o respons{\'a}vel 
    				pela parte do livro},
    org-short = {Sigla},
    title = {T{\'i}tulo de parte do livro},
    subtitle = {Subt{\'i}tulo de parte do livro},
    editor = {Corpo Editorial do livro},
    booktitle = {T{\'i}tulo do livro},
    booksubtitle = {Subt{\'i}tulo do livro},
    furtherresp = {Responsabilidade},
    edition = {Edição},
    address = {Local de publicação},
    publisher = {Editora},
    year = {Ano da publicação},
    chapter = {Capítulo},
    series = {Série},
    number = {Número da publicação},
    pages = {pág. inicial -- pág. final},
    note = {Nota},
    url = {http://endereco.eletronico},
}

@inbook{bib:inbook2,
    title = {T{\'i}tulo de parte do livro},
    subtitle = {Subt{\'i}tulo de parte do livro},
    editor = {Corpo Editorial do livro},
    booktitle = {T{\'i}tulo do livro},
    booksubtitle = {Subt{\'i}tulo do livro},
    furtherresp = {Responsabilidade},
    edition = {Edição},
    address = {Local de publicação},
    publisher = {Editora},
    year = {Ano de publicação},
    chapter = {Capítulo},
    series = {Série},
    number = {Número da publicação},
    pages = {pág. inicial -- pág. final},
    note = {Nota},
    url = {http://endereco.eletronico},
}

@inbook{bib:inbook3,
    title = {T{\'i}tulo de parte do livro},
    subtitle = {Subt{\'i}tulo de parte do livro},
    booktitle = {T{\'i}tulo do livro},
    booksubtitle = {Subt{\'i}tulo do livro},
    furtherresp = {Responsabilidade},
    edition = {Edição},
    address = {Local de publicação},
    publisher = {Editora},
    year = {Ano da publicação},
    chapter = {Capítulo},
    series = {Série},
    number = {Número de publicação},
    pages = {pág. inicial -- pág. final},
    note = {Nota},
    url = {http://endereco.eletronico},
}

@incollection{bib:incollection0,
    author = {Autores da parte do documento},
    title = {T{\'i}tulo da parte do documento},
    subtitle = {Subt{\'i}tulo da parte do documento},
    editor = {Corpo Editorial do documento},
    booktitle = {T{\'i}tulo do documento},
    booksubtitle = {Subt{\'i}tulo do documento},
    edition = {Edição},
    address = {Local de publicação},
    publisher = {Editora},
    year = {Ano de publicação},
    chapter = {Capítulo},
    series = {Série},
    number = {Número da publicação},
    pages = {pág. inicial -- pág. final},
    note = {Nota},
    url = {http://endereco.eletronico},
}

@incollection{bib:incollection1,
    organization = {Organiza{\c c}{\~a}o respons{\'a}vel pelo documento},
    org-short = {Sigla},
    title = {T{\'i}tulo do documento},
    subtitle = {Subt{\'i}tulo do documento},
    editor = {Corpo Editorial da cole{\c c}{\~a}o},
    booktitle = {T{\'i}tulo da cole{\c c}{\~a}o},
    edition = {Edição},
    address = {Local de publicação},
    publisher = {Editora},
    year = {Ano de publicação},
    chapter = {Capítulo},
    series = {Série},
    number = {Número da publicação},
    pages = {pág. inicial -- pág. final},
    note = {Nota},
    url = {http://endereco.eletronico},
}

@incollection{bib:incollection2,
    editor = {Corpo Editorial da cole{\c c}{\~a}o},
    title = {T{\'i}tulo do documento},
    subtitle = {Subt{\'i}tulo do documento},
    booktitle = {T{\'i}tulo da cole{\c c}{\~a}o},
    booksubtitle = {Subt{\'i}tulo da cole{\c c}{\~a}o},
    edition = {Edição},
    address = {Local da publicação},
    publisher = {Editora},
    year = {Ano da publicação},
    chapter = {Capítulo},
    series = {Série},
    number = {Número da publicação},
    pages = {pág. inicial -- pág. final},
    note = {Nota},
    url = {http://endereco.eletronico},
}

@incollection{bib:incollection3,
    title = {T{\'i}tulo do documento},
    subtitle = {Subt{\'i}tulo do documento},
    booktitle = {T{\'i}tulo da cole{\c c}{\~a}o},
    booksubtitle = {Subt{\'i}tulo da cole{\c c}{\~a}o},
    edition = {Edição},
    address = {Local da publicação},
    publisher = {Editora},
    year = {Ano da publicação},
    chapter = {Capítulo},
    series = {Série},
    number = {Número da publicação},
    pages = {pág. inicial -- pág. final},
    note = {Nota},
    url = {http://endereco.eletronico},
}

@inproceedings{bib:inproceedings0,
    author = {Autores do trabalho},
    title = {T{\'i}tulo do trabalho},
    subtitle = {Subt{\'i}tulo do trabalho},
    editor = {Corpo Editorial dos proceedings},
    booktitle = {T{\'i}tulo dos proceedings},
    booksubtitle = {Subt{\'i}tulo dos proceedings},
    address = {Local de publicação},
    publisher = {Editora},
    year = {Ano de publicação},
    series = {Série},
    number = {Número da publicação},
    pages = {pág. inicial -- pág. final},
    note = {Nota},
    url = {http://endereco.eletronico},
}

@inproceedings{bib:inproceedings1,
    organization = {Organiza{\c c}{\~a}o respons{\'a}vel pelo trabalho},
    org-short = {Sigla},
    title = {T{\'i}tulo do trabalho},
    subtitle = {Subt{\'i}tulo do trabalho},
    editor = {Corpo Editorial dos proceedings},
    booktitle = {T{\'i}tulo dos proceedings},
    booksubtitle = {Subt{\'i}tulo dos proceedings},
    address = {Local de publicação},
    publisher = {Editora},
    year = {Ano de publicação},
    series = {Série},
    number = {Número da publicação},
    pages = {pág. inicial -- pág. final},
    note = {Nota},
    url = {http://endereco.eletronico},
}

@inproceedings{bib:inproceedings2,
    title = {T{\'i}tulo do trabalho},
    subtitle = {Subt{\'i}tulo do trabalho},
    editor = {Corpo Editorial dos proceedings},
    booktitle = {T{\'i}tulo dos proceedings},
    booksubtitle = {Subt{\'i}tulo dos proceedings},
    address = {Local de publicação},
    publisher = {Editora},
    year = {Ano de publicação},
    series = {Série},
    number = {Número da publicação},
    pages = {pág. inicial -- pág. final},
    note = {Nota},
    url = {http://endereco.eletronico},
}

@inproceedings{bib:inproceedings3,
    title = {T{\'i}tulo do trabalho},
    subtitle = {Subt{\'i}tulo do trabalho},
    booktitle = {T{\'i}tulo dos proceedings},
    booksubtitle = {Subt{\'i}tulo dos proceedings},
    address = {Local de publicação},
    publisher = {Editora},
    year = {Ano de publicação},
    series = {Série},
    number = {Número da publicação},
    pages = {pág. inicial -- pág. final},
    note = {Nota},
    url = {http://endereco.eletronico},
}

@proceedings{bib:proceedings0,
    editor = {Corpo Editorial dos proceedings},
    title = {T{\'i}tulo dos proceedings},
    subtitle = {Subt{\'i}tulo dos proceedings},
    volume = {Volume},
    number = {Número},
    series = {Série},
    organization = {Organiza{\c c}{\~a}o respons{\'a}vel pelos proceedings},
    org-short = {Sigla},
    address = {Local de publicação},
    publisher = {Editora},
    year = {Ano de publicação},
    pages = {Número de páginas},
    note = {Nota},
    url = {http://endereco.eletronico},
}

@proceedings{bib:proceedings1,
    organization = {Organiza{\c c}{\~a}o respons{\'a}vel pelos proceedings},
    org-short = {Sigla},
    title = {T{\'i}tulo dos proceedings},
    subtitle = {Subt{\'i}tulo dos proceedings},
    volume = {Volume},
    number = {Número},
    series = {Série},
    address = {Local de publicação},
    publisher = {Editora},
    year = {Ano de publicação},
    pages = {Número de páginas},
    note = {Nota},
    url = {http://endereco.eletronico},
}

@proceedings{bib:proceedings2,
    title = {T{\'i}tulo dos proceedings},
    subtitle = {Subt{\'i}tulo dos proceedings},
    volume = {Volume},
    number = {Número},
    series = {Série},
    address = {Local de publicação},
    publisher = {Editora},
    year = {Ano de publicação},
    pages = {Número de páginas},
    note = {Nota},
    url = {http://endereco.eletronico},
}

@misc{bib:misc0,
    author = {Autor},
    type = {Tipo},
    title = {T{\'i}tulo},
    subtitle = {Subt{\'i}tulo},
    furtherresp = {Complemento},
    address = {Local},
    publisher = {Editora},
    month = {Mês abreviado},
    year = {Ano da publicação},
    pages = {Número de páginas},
    howpublished = {Comentário},
    series = {Série},
    number = {Número da publicação},
    note = {Nota},
    url = {http://endereco.eletronico},
}

@misc{bib:misc1,
    editor = {Editor},
    type = {Tipo},
    title = {T{\'i}tulo},
    subtitle = {Subt{\'i}tulo},
    furtherresp = {Complemento},
    address = {Local},
    publisher = {Editora},
    month = {Mês abreviado},
    year = {Ano da publicação},
    pages = {Número de páginas},
    howpublished = {Comentário},
    series = {Série},
    number = {Número da publicação},
    note = {Nota},
    url = {http://endereco.eletronico},
}

@misc{bib:misc2,
    organization = {Organiza{\c c}{\~a}o},
    org-short = {Sigla},
    type = {Tipo},
    title = {T{\'i}tulo},
    subtitle = {Subt{\'i}tulo},
    furtherresp = {Complemento},
    address = {Local},
    publisher = {Editora},
    month = {Mês abreviado},
    year = {Ano da publicação},
    pages = {Número de páginas},
    howpublished = {Comentário},
    series = {Série},
    number = {Número da publicação},
    note = {Nota},
    url = {http://endereco.eletronico},
}

@misc{bib:misc3,
    type = {Tipo},
    title = {T{\'i}tulo},
    subtitle = {Subt{\'i}tulo},
    furtherresp = {Complemento},
    address = {Local},
    publisher = {Editora},
    month = {Mês abreviado},
    year = {Ano da publicação},
    pages = {Número de páginas},
    howpublished = {Comentário},
    series = {Série},
    number = {Número da publicação},
    note = {Nota},
    url = {http://endereco.eletronico},
}

@unpublished{bib:unpublished0,
    author = {Autor de trabalho não publicado},
    title = {T{\'i}tulo},
    subtitle = {Subt{\'i}tulo},
    note = {Nota},
    year = {Ano da publicação},
    url = {http://endereco.eletronico},
}

@unpublished{bib:unpublished1,
    editor = {Editor de trabalho não publicado},
    title = {T{\'i}tulo},
    subtitle = {Subt{\'i}tulo},
    note = {Nota},
    year = {Ano da publicação},
    url = {http://endereco.eletronico},
}

@unpublished{bib:unpublished2,
    organization = {Organiza{\c c}{\~a}o respons{\'a}vel pelo trabalho
                    n{\~a}o publicado},
    org-short = {Sigla},
    title = {T{\'i}tulo},
    subtitle = {Subt{\'i}tulo},
    note = {Anotação},
    year = {Ano da publicação},
    url = {http://endereco.eletronico},
}

@unpublished{bib:unpublished3,
    title = {T{\'i}tulo},
    subtitle = {Subt{\'i}tulo},
    note = {Nota},
    year = {Ano da publicação},
    url = {http://endereco.eletronico},
}

@mastersthesis{bib:mastersthesis0,
  author = {author},
  booktitle = {booktitle},
  booksubtitle = {booksubtitle},
  title = {title},
  subtitle = {subtitle},
  furtherresp = {furtherresp},
  edition = {edition},
  editor = {editor},
  eprint = {eprint},
  organization = {organization},
  org-short = {org-short},
  institution = {institution},
  journal = {journal},
  section = {section},
  series = {series},
  volume = {volume},
  number = {number},
  month = {month},
  year = {year},
  address = {address},
  publisher = {publisher},
  school = {school},
  pages = {pages},
  howpublished = {howpublished},
  type = {type},
  url = {url},
  key = {key},
  note = {note},
  annote = {annote},
  chapter = {chapter},
}

